@book{dickhoff,
  author    = "Willem H Dickhoff and Dimitri Van Neck",
  title     = "Many-Body Theory Exposed!",
  publisher = "World Scientific Publishing",
  year      = 2005,
}

@book{moshinsky,
  author    = "Marcos Moshinsky and Yuri F. Smirnov",
  title     = "The Harmonic Oscillator in Modern Physics",
  publisher = "Harwood Academic Publishers",
  year      = 1996,
}

@book{sakurai,
    author = {Sakurai, J. J. and Jim Napolitano},
    title = {Modern Quantum Mechanics},
    publisher = {Addison-Wesley},
    year = {1993}
}

@article{mehrem,
  author    = "Rami Mehrem",
  title     = "The Plane Wave Expansion, Infinite Integrals and Identities involving Spherical Bessel Functions",
  journal   = "Applied Mathematics and Computation",
  year      = 2011,
  volume    = 217,
  pages     = "5360--5365"
}

@article{berggren,
  author    = "Tore Berggren",
  title     = "On the use of resonant states in eigenfunction expansions of scattering and reaction amplitudes",
  journal   = "Nuclear Physics A",
  year      = 1968,
  volume    = 109,
  pages     = "265--287",
}

