@book{dickhoff,
  author    = "Willem H Dickhoff and Dimitri Van Neck",
  title     = "Many-Body Theory Exposed!",
  publisher = "World Scientific Publishing",
  year      = 2005,
}

@book{suhonen,
  author    = "Joui Suhonen",
  title     = "From Nucleons to Nucleus",
  publisher = "Springer",
  year      = 2007
}

@book{moshinsky,
  author    = "Marcos Moshinsky and Yuri F. Smirnov",
  title     = "The Harmonic Oscillator in Modern Physics",
  publisher = "Harwood Academic Publishers",
  year      = 1996,
}

@book{sakurai,
    author = {Sakurai, J. J. and Jim Napolitano},
    title = {Modern Quantum Mechanics},
    publisher = {Addison-Wesley},
    year = {1993}
}

@article{mehrem,
  author    = "Rami Mehrem",
  title     = "The Plane Wave Expansion, Infinite Integrals and Identities involving Spherical Bessel Functions",
  journal   = "Applied Mathematics and Computation",
  year      = 2011,
  volume    = 217,
  pages     = "5360--5365"
}

@article{berggren,
  author    = "Tore Berggren",
  title     = "On the use of resonant states in eigenfunction expansions of scattering and reaction amplitudes",
  journal   = "Nuclear Physics A",
  year      = 1968,
  volume    = 109,
  pages     = "265--287",
}

@ARTICLE{radii,
   author = {{Papadimitriou}, G. and {Kruppa}, A.~T. and {Michel}, N. and 
	{Nazarewicz}, W. and {P{\l}oszajczak}, M. and {Rotureau}, J.
	},
    title = "{Charge radii and neutron correlations in helium halo nuclei}",
  journal = {\prc},
archivePrefix = "arXiv",
   eprint = {1109.0223},
 primaryClass = "nucl-th",
 keywords = {Mass and neutron distributions, Charge distribution, Shell model, 6{\lt}=A{\lt}=19},
     year = 2011,
    month = nov,
   volume = 84,
   number = 5,
      eid = {051304},
    pages = {051304},
      doi = {10.1103/PhysRevC.84.051304},
   adsurl = {http://adsabs.harvard.edu/abs/2011PhRvC..84e1304P},
  adsnote = {Provided by the SAO/NASA Astrophysics Data System}
}

@ARTICLE{DMRG,
   author = {{Rotureau}, J. and {Michel}, N. and {Nazarewicz}, W. and {P{\l}oszajczak}, M. and 
	{Dukelsky}, J.},
    title = "{Density Matrix Renormalization Group Approach for Many-Body Open Quantum Systems}",
  journal = {Physical Review Letters},
   eprint = {arXiv:nucl-th/0603021},
 keywords = {Renormalization group methods, Numerical linear algebra, Computational techniques; simulations, Shell model},
     year = 2006,
    month = sep,
   volume = 97,
   number = 11,
      eid = {110603},
    pages = {110603},
      doi = {10.1103/PhysRevLett.97.110603},
   adsurl = {http://adsabs.harvard.edu/abs/2006PhRvL..97k0603R},
  adsnote = {Provided by the SAO/NASA Astrophysics Data System}
}

@ARTICLE{gamow_shell_model_2008,
   author = {{Michel}, N. and {Nazarewicz}, W. and {P{\l}oszajczak}, M. and 
	{Bennaceur}, K.},
    title = "{Gamow Shell Model Description of Neutron-Rich Nuclei}",
  journal = {Physical Review Letters},
   eprint = {arXiv:nucl-th/0201073},
     year = 2002,
    month = jul,
   volume = 89,
   number = 4,
      eid = {042502},
    pages = {042502},
      doi = {10.1103/PhysRevLett.89.042502},
   adsurl = {http://adsabs.harvard.edu/abs/2002PhRvL..89d2502M},
  adsnote = {Provided by the SAO/NASA Astrophysics Data System}
}

@book{abramowitz+stegun,

  added-at = {2008-06-25T06:25:58.000+0200},
  address = {New York},
  author = {Abramowitz, Milton and Stegun, Irene A.},
  biburl = {http://www.bibsonomy.org/bibtex/223ec744709b3a776a1af0a3fd65cd09f/a_olympia},
  description = {BibTeX - Wikipedia, the free encyclopedia},
  edition = {ninth Dover printing, tenth GPO printing},
  interhash = {d4914a420f489f7c5129ed01ec3cf80c},
  intrahash = {23ec744709b3a776a1af0a3fd65cd09f},
  keywords = {Handbook},
  publisher = {Dover},
  timestamp = {2008-06-25T06:25:58.000+0200},
  title = {Handbook of Mathematical Functions with Formulas, Graphs, and Mathematical Tables},
  year = 1964
}

@ARTICLE{suzuki,
   author = {{Suzuki}, Y. and {Ikeda}, K.},
    title = "{Cluster-orbital shell model and its application to the He isotopes}",
  journal = {Physical Review C},
 keywords = {Binding energies and masses, Mass and neutron distributions, Shell model, Cluster models},
     year = 1988,
    month = jul,
   volume = 38,
    pages = {410-413},
      doi = {10.1103/PhysRevC.38.410},
   adsurl = {http://adsabs.harvard.edu/abs/1988PhRvC..38..410S},
  adsnote = {Provided by the SAO/NASA Astrophysics Data System}
}
